@comment{x-kbibtex-personnameformatting=<%l><, %f>}

@article{bakulin2000estimation,
  title={Estimation of fracture parameters from reflection seismic data-Part I: HTI model due to a single fracture set},
  author={Bakulin, Andrey and Grechka, Vladimir and Tsvankin, Ilya},
  journal={Geophysics},
  volume={65},
  number={6},
  pages={1788--1802},
  year={2000},
  publisher={Society of Exploration Geophysicists}
}

@article{gamson1993coal,
  title={Coal microstructure and micropermeability and their effects on natural gas recovery},
  author={Gamson, Paul D and Beamish, B Basil and Johnson, David P},
  journal={Fuel},
  volume={72},
  number={1},
  pages={87--99},
  year={1993},
  publisher={Elsevier}
}

@book{gropp1999using,
  title={Using MPI-2: Advanced features of the message-passing interface},
  author={Gropp, William and Lusk, Ewing and Thakur, Rajeev},
  year={1999},
  publisher={MIT press}
}

@book{vermeer20023,
  title={3-D seismic survey design},
  author={Vermeer, Gijs JO and Beasley, Craig J},
  volume={12},
  year={2002},
  publisher={Society of Exploration Geophysicists Tulsa}
}

@book{tsvankin2011seismology,
  title={Seismology of azimuthally anisotropic media and seismic fracture characterization},
  author={Tsvankin, Ilya and Grechka, Vladimir},
  year={2011},
  publisher={Society of Exploration Geophysicists}
}

@article{Tsvankin1997a,
	author = "Tsvankin, I.",
	journal = "GEOPHYSICS",
	pages = " 1292-1309",
	title = "{Anisotropic parameters and P-wave
velocity for orthorhombic media}",
	volume = "62",
	year = "1997"
}

@article{Tsvankin1997b,
	author = "Tsvankin, Ilya",
	journal = "Geophysics",
	pages = " 614-629",
	title = "{Reflection moveout and parameter estimation
for horizontal transverse isotropy}",
	volume = "62",
	year = "1997"
}

@inproceedings{wang2008discrete,
  title={Discrete element simulation of hydraulic fracturing and induced seismicity in engineered geothermal systems},
  author={Wang, YC},
  booktitle={Proc. Australian Geothermal Energy Conference},
  year={2008}
}

@article{abe2012discrete,
  title={Discrete element modeling of boudinage: Insights on rock rheology, matrix flow, and evolution of geometry},
  author={Abe, Steffen and Urai, Janos L},
  journal={Journal of Geophysical Research: Solid Earth (1978--2012)},
  volume={117},
  number={B1},
  year={2012},
  publisher={Wiley Online Library}
}

@article{griffa2011vibration,
  title={Vibration-induced slip in sheared granular layers and the micromechanics of dynamic earthquake triggering},
  author={Griffa, Michele and Daub, EG and Guyer, RA and Johnson, PA and Marone, C and Carmeliet, J},
  journal={EPL (Europhysics Letters)},
  volume={96},
  number={1},
  pages={14001},
  year={2011},
  publisher={IOP Publishing}
}

@article{mora2015lattice,
  title={Lattice solid/Boltzmann microscopic model to simulate solid/fluid systems—A tool to study creation of fluid flow networks for viable deep geothermal energy},
  author={Mora, Peter and Wang, Yucang and Alonso-Marroquin, Fernando},
  journal={Journal of Earth Science},
  volume={26},
  number={1},
  pages={11--19},
  year={2015},
  publisher={Springer}
}

@inproceedings{weatherley2010scaling,
  title={Scaling benchmark of esys-particle for elastic wave propagation simulations},
  author={Weatherley, Dion K and Boros, Vince E and Hancock, William R and Abe, Steffen},
  booktitle={e-Science (e-Science), 2010 IEEE Sixth International Conference on},
  pages={277--283},
  year={2010},
  organization={IEEE}
}

@book{weatherley2013esys,
  title={ESyS-Particle Tutorial and User’s Guide Version 2.3.1},
  author={Weatherley, D and Hancock, W and Boros, V and Abe, S},
  year={2014}
}

@book{munjiza2004front,
  title={Front Matter},
  author={Munjiza, Ante},
  year={2004},
  publisher={Wiley Online Library}
}

@book{pande1990numerical,
  title={Numerical methods in rock mechanics},
  author={Pande, G and Beer, Geornot and Williams, J},
  year={1990},
  publisher={New York, NY (USA); John Wiley and Sons Inc.}
}

@article{langston1995discrete,
  title={Discrete element simulation of granular flow in 2D and 3D hoppers: dependence of discharge rate and wall stress on particle interactions},
  author={Langston, PA and T{\"u}z{\"u}n, U and Heyes, DM},
  journal={Chemical Engineering Science},
  volume={50},
  number={6},
  pages={967--987},
  year={1995},
  publisher={Elsevier}
}

@article{martin2003study,
  title={Study of particle rearrangement during powder compaction by the discrete element method},
  author={Martin, CL and Bouvard, D and Shima, S},
  journal={Journal of the Mechanics and Physics of Solids},
  volume={51},
  number={4},
  pages={667--693},
  year={2003},
  publisher={Elsevier}
}

@book{jing2007fundamentals,
  title={Fundamentals of Discrete Element Methods for Rock Engineering: Theory and Applications: Theory and Applications},
  author={Jing, Lanru and Stephansson, Ove},
  volume={85},
  year={2007},
  publisher={Elsevier}
}

@article{cundall1979discrete,
  title={A discrete numerical model for granular assemblies},
  author={Cundall, Peter A and Strack, Otto DL},
  journal={Geotechnique},
  volume={29},
  number={1},
  pages={47--65},
  year={1979},
  publisher={Thomas Telford}
}

@article{Backus1962a,
	author = "Backus, G.E.",
	journal = "Journal of Geophysical Research",
	pages = "4427--4440",
	title = "{Long-Wave Elastic Anisotropy Produced by Horizontal Layering}",
	volume = "67",
	year = "1962"
}

@article{thomsen1986weak,
  title={Weak elastic anisotropy},
  author={Thomsen, Leon},
  journal={Geophysics},
  volume={51},
  number={10},
  pages={1954--1966},
  year={1986},
  publisher={Society of Exploration Geophysicists}
}

@article{schoenberg1988elastic,
  title={Elastic wave propagation in media with parallel fractures and aligned cracks},
  author={Schoenberg, M and Douma, J},
  journal={Geophysical Prospecting},
  volume={36},
  number={6},
  pages={571--590},
  year={1988}
}

@article{hudson1980overall,
  title={Overall properties of a cracked solid, in: Mathematical Proceedings of the Cambridge Philosophical Society},
  author={Hudson, JA},
  volume={88},
  number={2},
  pages={371--384},
  year={1980}
}

@article{hudson1981wave,
  title={Wave speeds and attenuation of elastic waves in material containing cracks},
  author={Hudson, JA},
  journal={Geophysical Journal International},
  volume={64},
  number={1},
  pages={133--150},
  year={1981},
  publisher={Oxford University Press}
}

@article{schoenberg1980elastic,
  title={Elastic wave behavior across linear slip interfaces},
  author={Schoenberg, Michael},
  journal={The Journal of the Acoustical Society of America},
  volume={68},
  number={5},
  pages={1516--1521},
  year={1980},
  publisher={Acoustical Society of America}
}

@article{schoenberg1983reflection,
  title={Reflection of elastic waves from periodically stratified media with interfacial slip},
  author={Schoenberg, M},
  journal={Geophysical Prospecting},
  volume={31},
  number={2},
  pages={265--292},
  year={1983}
}

@article{aguilera1998geologic,
  title={Geologic aspects of naturally fractured reservoirs},
  author={Aguilera, Roberto},
  journal={The Leading Edge},
  volume={17},
  number={12},
  pages={1667--1670},
  year={1998},
  publisher={Society of Exploration Geophysicists}
}

@article{bakulin2000estimation,
  title={Estimation of fracture parameters from reflection seismic data-Part I: HTI model due to a single fracture set},
  author={Bakulin, Andrey and Grechka, Vladimir and Tsvankin, Ilya},
  journal={Geophysics},
  volume={65},
  number={6},
  pages={1788--1802},
  year={2000},
  publisher={Society of Exploration Geophysicists}
}

@article{golding2013stable,
  title={Stable isotope geochemistry of coal bed and shale gas and related production waters: a review},
  author={Golding, Suzanne D and Boreham, Chris J and Esterle, Joan S},
  journal={International Journal of Coal Geology},
  volume={120},
  pages={24--40},
  year={2013},
  publisher={Elsevier}
}

@inproceedings{flottman2013influence,
  title={Influence of in Situ Stresses on Fracture Stimulation in the Surat Basin, Southeast Queensland},
  author={Flottman, Thomas and Brooke-Barnett, Sam and Trubshaw, Rod and Naidu, Sai-Krishna and Kirk-Burnnand, Elliot and Paul, Pijush and Busetti, Seth and Hennings, Peter and others},
  booktitle={SPE Unconventional Resources Conference and Exhibition-Asia Pacific},
  year={2013},
  organization={Society of Petroleum Engineers}
}

@inproceedings{clarkson2006production,
  title={Production data analysis of single-phase (gas) CBM wells},
  author={Clarkson, Christopher R and Bustin, R Marc and Seidle, John P and others},
  booktitle={SPE Gas Technology Symposium},
  year={2006},
  organization={Society of Petroleum Engineers}
}

@article{thomas1983fractured,
  title={Fractured reservoir simulation},
  author={Thomas, L Kent and Dixon, Thomas N and Pierson, Ray G and others},
  journal={Society of Petroleum Engineers Journal},
  volume={23},
  number={01},
  pages={42--54},
  year={1983},
  publisher={Society of Petroleum Engineers}
}

@article{grechka19983,
  title={3-D description of normal moveout in anisotropic inhomogeneous media},
  author={Grechka, Vladimir and Tsvankin, Ilya},
  journal={Geophysics},
  volume={63},
  number={3},
  pages={1079--1092},
  year={1998},
  publisher={Society of Exploration Geophysicists}
}

@article{schoenberg1995seismic,
  title={Seismic anisotropy of fractured rock},
  author={Schoenberg, Michael and Sayers, Colin M},
  journal={Geophysics},
  volume={60},
  number={1},
  pages={204--211},
  year={1995},
  publisher={Society of Exploration Geophysicists}
}

@article{grechka2006effective,
  title={Effective elasticity of rocks with closely spaced and intersecting cracks},
  author={Grechka, Vladimir and Kachanov, Mark},
  journal={Geophysics},
  volume={71},
  number={3},
  pages={D85--D91},
  year={2006},
  publisher={Society of Exploration Geophysicists}
}

@book{biondi20063d,
  title={3D seismic imaging},
  author={Biondi, Biondo},
  year={2006},
  publisher={Society of Exploration Geophysicists}
}
